3244 5458
648 704 864 770 ..29-

274 877 593 962 Montepcssulanum
625 880 726 957 enim,
758 880 813 960 qui
841 879 1045 962 praestantia
1075 884 1200 944 ceteros
1231 878 1326 962 longe

189 997 331 1074 superat,
354 1013 392 1055 ex
412 991 507 1056 Pauli
530 992 707 1074 exemplari
729 993 927 1074 exscriptum
950 1013 1029 1069 esse,
1052 992 1162 1056 multis
1189 1011 1228 1056 ex
1252 1013 1326 1056 cau·

188 1105 232 1167 sis
247 1102 417 1186 probabile
440 1109 497 1168 est.
529 1103 636 1168 Onon
660 1104 702 1168 ad
723 1105 829 1188 ipsum
851 1103 990 1181 Pauli,
1013 1103 1070 1168 sed
1093 1103 1135 1168 ad
1155 1103 1327 1187 quemdam

188 1215 389 1280 Paulinae
411 1214 555 1280 familiae
572 1216 715 1281 codicem
733 1216 841 1280 redire
855 1215 990 1280 videtur.
1024 1215 1142 1280 Utrum
1165 1236 1242 1280 vero
1264 1217 1327 1279 ori·

188 1328 295 1410 ginem
315 1327 445 1392 duxerit
468 1349 506 1392 ex
523 1328 635 1393 codem
657 1328 712 1392 illo
735 1328 828 1408 libro,
862 1349 902 1392 ex
924 1349 987 1412 quo
1005 1327 1072 1392 ΒΕ
1093 1326 1264 1415 fluxeruqt,
1287 1348 1328 1392 an

190 1461 230 1503 ex
253 1439 316 1504 alio
340 1437 481 1522 quodam
503 1441 682 1505 Paulino
704 1441 828 1520 codice,
851 1441 903 1504 vix
926 1440 1027 1504 firmis
1050 1441 1248 1522 argumentis
1271 1463 1327 1504 un-

189 1573 288 1634 quam
309 1551 477 1635 probetur.
521 1553 606 1616 Nam
629 1573 684 1617 eas
704 1551 871 1628 lectionar,
901 1552 1018 1636 quibus
1041 1552 1141 1616 talem
1165 1553 1328 1634 quaestio-

190 1686 263 1728 nem
287 1663 513 1730 diiudicaturis
536 1665 683 1748 inprimis
705 1665 798 1730 nobis
822 1687 903 1749 opus
926 1671 985 1743 est,
1016 1685 1080 1728 non
1101 1685 1212 1743 omnes
1232 1685 1328 1747 prae·
1398 1734 1400 1738 ,

188 1776 254 1854 bet,
271 1797 342 1841 curn
360 1797 423 1842 non
439 1782 544 1842 toturn
562 1777 682 1842 Lucani
696 1798 836 1870 carmen,
852 1777 908 1843 sed
926 1777 1049 1842 scholia
1063 1781 1190 1841 tantum
1205 1776 1326 1842 tradat.

274 1891 365 1974 §2d
399 1889 700 1972 Erlangensem
725 1890 868 1955 codicem
891 1891 1128 1972 accuratiorem
1154 1890 1327 1954 veriorem-

190 2021 252 2083 que
272 2001 446 2086 imaginem
474 2001 626 2066 exhibere
650 2002 780 2081 codicis,
812 2023 852 2066 ex
876 2023 939 2086 qno
970 2002 1094 2084 etipse
1122 2007 1156 2066 et
1177 2002 1203 2065 B
1221 2000 1327 2094 1fluxe-

189 2117 281 2190 runt,
313 2135 414 2196 supra
443 2113 630 2197 significavi.
675 2114 899 2192 Quodvernm
929 2135 1000 2178 esse
1023 2114 1234 2179 confirmatur
1255 2134 1323 2196 per-

188 2224 299 2288 multis
320 2225 410 2303 locis,
432 2225 534 2290 ubiE
555 2225 674 2291 bonam
698 2227 869 2291 lectionem
892 2227 1004 2306 tradit,
1030 2225 1327 2290 sumbernensis

188 2335 342 2400 librarius
371 2338 538 2402 erraverit.
583 2337 669 2416 Quos'
692 2339 780 2404 locos
810 2360 1000 2404 enumerare
1023 2340 1114 2418 nolo,
1146 2359 1187 2402 ne
1209 2340 1327 2403 iterum

188 2448 337 2542 plagulas
361 2450 494 2534 singulis
515 2450 709 2516 lectionibus
731 2452 937 2534 numerisque
969 2451 1143 2535 adscriptis
1165 2452 1327 2535 impleam.

273 2562 390 2626 Paucis
412 2563 513 2645 igitur
535 2562 577 2626 ad
600 2569 780 2628 extremum
803 2565 1018 2648 complectar,
1048 2564 1127 2648 quid
1157 2544 1195 2628 ex
1218 2563 1327 2628 codice

189 2673 444 2756 Erlangensi
475 2674 516 2738 ad
540 2675 638 2740 crisin
658 2676 781 2740 Lucani
802 2676 924 2741 lucrari
954 2679 1132 2760 possimus:
1163 2686 1237 2752 curn¹
1256 2696 1326 2739 sae·

187 2785 320 2868 pissime
348 2785 375 2850 E
414 2807 486 2850 cum
521 2787 714 2874 lectionibus
752 2791 894 2854 omniurn
922 2789 1133 2855 Paulinorum
1170 2787 1328 2871 librorum

189 2893 380 2978 consentiat,
405 2919 516 2964 eorum
541 2920 669 2984 quoque
691 2900 845 2979 locorum,
867 2900 923 2966 nbi
947 2923 1020 2966 cum
1041 2922 1105 2966 uno
1124 2901 1254 2966 illorum
1274 2921 1327 2966 co-

188 3010 295 3075 dicum
315 3010 405 3089 facit,
428 3011 601 3095 diligenter
623 3014 708 3077 ratio
729 3012 880 3078 habenda
894 3019 961 3094 est3
984 3014 1230 3098 diligentissime
1251 3035 1327 3078 vero

90 3183 93 3190 ,
188 3144 247 3188 eae
262 3124 427 3204 lectionesa,
445 3145 527 3207 quas
544 3145 617 3189 cum
633 3126 659 3189 B
677 3125 745 3190 solo
761 3146 945 3191 communes
962 3126 1074 3204 tradit,
1093 3126 1332 3190 examinandae

189 3239 222 3300 et
238 3235 468 3319 ponderandae
484 3242 574 3315 sunt,
596 3259 667 3302 cum
685 3239 799 3302 iamin
822 3241 982 3304 communi
1002 3238 1101 3319 fonte,
1124 3240 1175 3304 cui
1191 3238 1326 3303 candem

189 3369 228 3412 ac
239 3347 524 3432 Montepessulano
541 3350 683 3415 tribuam
702 3352 940 3430 auctoritatem,
957 3353 1151 3416 exstiterint.
1181 3351 1326 3434 Denique

188 3461 369 3544 singulares
391 3462 561 3542 lectiones,
592 3485 673 3546 quas
701 3464 728 3527 E
746 3455 897 3547 praebet,
919 3464 981 3529 nisi
1003 3471 1079 3530 sunt
1101 3465 1217 3542 calami
1240 3485 1327 3530 erro-

187 3594 241 3638 res
269 3573 454 3656 habendae,
480 3563 669 3641 'accuratius
700 3576 934 3641 examinandae
964 3583 1053 3654 sunt,
1089 3599 1161 3642 cum
1191 3583 1327 3656 constet,

188 3707 262 3750 eum
286 3688 416 3770 saepius
439 3689 578 3770 genuina
599 3688 699 3753 rerba
723 3709 870 3754 servasse
897 3689 1046 3754 omnibus
1069 3691 1186 3754 ceteris
1209 3690 1326 3755 codici·

186 3797 249 3864 bus
272 3798 549 3883 discrepantibus,
572 3801 661 3866 velut
682 3800 732 3865 his
754 3802 852 3866 locis:
884 3802 929 3867 lV
952 3807 993 3866 20
1015 3813 1136 3867 coercet
1167 3805 1327 3888 (coercear

188 3911 342 3977 MVBG
373 3918 537 3976 coherceat
572 3913 633 3996 U),
675 3917 734 3978 821
766 3935 838 3978 aare
867 3915 926 3998 (sic
956 3913 1057 3997 vbg,
1100 3892 1326 3993 restititis,

188 4029 271 4089 ensis
294 4024 322 4088 V
336 4024 366 4088 U
380 4023 440 4106 B),
463 4024 523 4089 VH
547 4029 607 4089 183
631 4033 775 4090 tantaleas
799 4025 859 4110 (sio
881 4048 913 4090 m
928 4026 968 4104 b,
1000 4035 1156 4092 tumultum
1179 4027 1207 4092 V
1219 4027 1258 4106 G,
1281 4037 1326 4090 tu-

187 4142 283 4202 multu
310 4135 491 4221 MBUC),
531 4137 608 4202 VllI
630 4143 670 4202 46
701 4144 804 4202 carris
836 4139 896 4223 (sie
919 4160 950 4203 m
966 4138 1003 4217 b,
1041 4145 1126 4205 curis
1149 4140 1193 4218 B,
1226 4145 1327 4204 currit

188 4247 274 4326 MU,
297 4255 467 4327 (carrena
487 4250 506 4312 i.
523 4269 586 4312 ras.
609 4249 701 4333 VG),
732 4250 778 4314 IX
795 4255 856 4316 798
881 4251 1215 4336 cruciamentorum
1239 4253 1325 4331 Hos,

188 4367 298 4425 eraltc
320 4361 371 4444 B),
403 4362 499 4444 quam
523 4361 679 4444 optimam
710 4361 881 4428 lectionem
913 4365 977 4427 iam
1009 4364 1222 4428 aBnurnuro
1250 4387 1325 4448 prc-

188 4474 328 4556 positam
352 4474 384 4536 in
404 4478 532 4540 ,textum
555 4474 657 4556 recipi
678 4475 783 4538 velim.

654 4659 859 4667 u*—
