3244 5458
525 689 848 760 '--5a--

172 869 292 934 dictam
321 867 427 934 tiballi
457 869 497 953 (ti
516 885 597 948 exp.
627 867 701 954 101),
755 872 836 934 1055
859 868 966 962 quista
992 868 1078 951 (quis
1107 887 1206 950 supro
1235 874 1308 934 odd.
1352 873 1353 880 ’

172 983 239 1068 ng),
280 985 362 1047 1056
384 1003 404 1045 0
426 983 461 1066 (a
472 987 535 1046 oet
549 981 607 1068 mp)
629 981 724 1064 longe
745 980 869 1064 pietate
891 980 1035 1058 recessit,
1058 1001 1079 1044 a
1095 999 1173 1044 vera
1194 981 1308 1066 (supro

172 1095 266 1178 longe
291 1105 320 1158 et
343 1116 362 1158 0
383 1113 461 1158 vera
484 1098 703 1174 1000000100.
728 1093 890 1187 adami),
939 1096 1018 1158 1061
1040 1090 1180 1176 perfida,
1227 1097 1308 1158 1062

172 1227 231 1272 neo
252 1205 303 1272 his
325 1227 389 1271 non
412 1209 524 1292 (supra
545 1223 605 1270 neo
628 1215 658 1270 et
679 1225 744 1270 non
767 1203 989 1286 transmigra.
1011 1211 1085 1270 aad.
1107 1204 1182 1291 ml,
1228 1209 1309 1272 1075

172 1318 312 1384 tuleram
331 1339 452 1402 agnum
475 1321 521 1404 (m
543 1328 615 1383 ante
635 1337 709 1400 agn.-
731 1321 804 1384 odd.
821 1318 889 1404 0,),
914 1321 995 1382 1075
1018 1315 1308 1388 romanatlltlllllt

172 1435 251 1517 (006.
275 1453 339 1497 rus.
369 1435 509 1512 longiore
539 1436 720 1496 moventem
742 1441 776 1497 ut
804 1435 880 1508 010,
909 1428 960 1494 vel
981 1434 1148 1512 regentem
1169 1434 1189 1494 t.
1210 1452 1308 1512 marg.

167 1552 276 1610 00000.
300 1544 368 1630 0,),
403 1547 485 1608 1077
508 1548 656 1627 potestas
678 1563 719 1607 00
737 1545 886 1626 potentes
908 1563 990 1610 corr.
1012 1563 1066 1628 ng,
1101 1545 1182 1610 1083
1201 1540 1310 1626 hospi-

171 1658 252 1722 tium
277 1661 408 1720 estnec
430 1655 457 1720 01
479 1677 553 1720 mea
574 1657 606 1740 (0
625 1661 658 1719 m
679 1676 739 1720 nec
762 1659 830 1733 det,
854 1661 929 1734 post
951 1653 978 1720 si
999 1675 1042 1739 m,
1067 1674 1084 1717 0
1105 1653 1179 1737 sa),
1227 1659 1308 1720 1089

172 1771 298 1834 veniam
321 1769 366 1854 (m
383 1773 440 1834 del.
456 1769 524 1854 ml),
560 1761 643 1833 1090
664 1771 801 1845 tantum,
838 1771 919 1834 1091
943 1766 1025 1844 iura,
1062 1769 1143 1830 1095
1166 1765 1311 1850 praefert

174 1882 204 1966 (f
224 1904 264 1946 ex
289 1891 386 1962 purte
416 1881 531 1964 0000),
578 1877 1122 1969 109610010000011(0000700.
1150 1885 1222 1944 odd.
1241 1869 1311 1964 001),

175 2000 257 2059 1098
281 1993 431 2059 secundis
454 1993 558 2078 (disi.
585 2015 649 2059 ror.
667 1992 759 2075 scm),
801 1996 884 2057 1100
906 2012 1056 2075 rogarem
1078 2013 1118 2055 00
1140 1995 1310 2074 rogantem

172 2127 254 2171 corr.
277 2129 338 2192 ml,
379 2110 457 2171 1101
484 2127 582 2186 usque
609 2113 652 2172 00
673 2113 765 2184 finem
786 2108 836 2169 lib.
858 2108 911 2168 IX
944 2125 1051 2186 margo
1073 2107 1195 2170 membr.
1214 2125 1311 2184 pruc-

172 2224 255 2284 010000
278 2229 331 2284 cst.
362 2257 404 2266 -
432 2217 474 2282 M.
497 2218 599 2283 Annei
621 2217 744 2282 Lucani
765 2215 898 2300 explicit
925 2215 1009 2281 liber
1030 2235 1142 2282 nonus.
1193 2215 1311 2300 Incipit

173 2337 400 2414 argumentum
421 2331 455 2395 in
478 2329 562 2396 libro
585 2330 676 2416 (0101)
699 2328 738 2393 X.
771 2309 987 2413 (matusalan.
1008 2330 1094 2412 scm).
1379 2307 1382 2311 ⁴

724 2741 758 2812 X

219 2884 362 2969 Explicit
390 2889 626 2966 argumentum.
681 2883 724 2948 M.
749 2883 852 2948 Annei
882 2882 1005 2948 Lucani
1034 2880 1170 2949 liberX
1198 2882 1313 2966 incipit

173 2997 313 3063 feliciter
341 3000 480 3082 (0001000.
504 3001 559 3062 titt.
583 2996 668 3080 000).
725 2998 841 3081 80701.
863 2995 921 3082 ma)
960 2993 1048 3074 Nec,
1084 2999 1179 3078 poste
1208 2996 1237 3080 (t
1259 3001 1310 3059 alt.

172 3131 272 3191 supro
294 3114 367 3176 add.
393 3110 469 3196 7112),
503 3106 646 3186 habebit,
686 3113 726 3173 10
751 3113 892 3186 secutus,
930 3111 973 3172 14
995 3127 1142 3191 patarea,
1180 3110 1219 3172 17
1243 3105 1311 3172 cir-

173 3223 250 3302 cuit,
287 3227 327 3287 27
351 3219 534 3305 exemplum
554 3223 608 3306 (ex
630 3242 670 3286 00
684 3221 714 3288 a
727 3225 748 3286 i.
768 3241 829 3319 scr.
847 3219 901 3303 fi),
938 3223 977 3284 32
1001 3219 1131 3285 miscuit
1152 3221 1182 3305 (0
1198 3230 1312 3300 posteo

174 3335 346 3420 000001),
385 3335 424 3399 33
449 3333 612 3418 Gangem,
651 3338 691 3398 34
721 3333 840 3412 omnia,
866 3343 939 3412 post
960 3319 1052 3397 vs37
1074 3337 1106 3398 iu
1124 3340 1189 3410 fiae
1209 3337 1312 3398 acted.

173 3454 251 3513 hacc
272 3450 399 3526 scripsit
414 3467 475 3532 m4:
497 3444 549 3510 hic
572 3450 622 3511 est
644 3445 796 3510 confusus
819 3443 898 3510 ordo
921 3443 1078 3524 lectionis,
1100 3445 1179 3529 quia
1200 3443 1312 3513 littera

173 3581 257 3643 quae
279 3559 426 3644 sequitur
443 3607 490 3622 ...
507 3560 642 3643 (reliquo
651 3563 803 3638 praecisa
817 3558 901 3642 sunt)
982 3563 1041 3637 est,
1064 3561 1105 3622 38
1127 3555 1248 3642 lybiae,
1270 3563 1310 3628 39

173 3687 334 3750 occasum,
372 3676 411 3736 41
437 3669 612 3754 subpromo
635 3669 671 3756 (b
694 3676 752 3736 del.
768 3671 837 3756 aa),
868 3675 908 3736 43
931 3671 988 3754 qui
1009 3671 1035 3756 (i
1057 3689 1165 3749 capa
1186 3693 1227 3736 ss.
1243 3670 1311 3757 ml),

174 3789 335 3868 coeperat,
372 3788 413 3846 40
439 3781 557 3848 cecidit
577 3783 609 3868 (e
630 3804 671 3848 cx
689 3784 701 3848 i
722 3788 742 3849 i.
765 3805 826 3848 scr.
845 3784 899 3867 [.),
938 3788 980 3847 47
1003 3771 1137 3867 propius
1160 3783 1195 3867 (p
1212 3779 1267 3862 pr'.
1286 3788 1310 3849 o'.

174 3919 237 3963 ror.
272 3917 333 3962 scr.
367 3896 442 3982 ml),
493 3900 534 3960 50
564 3900 719 3980 posterga
753 3898 837 3980 (post
864 3899 879 3960 t
908 3918 949 3961 ss.
979 3901 995 3962 t
1028 3895 1106 3980 01),
1149 3894 1312 3974 cedamus,

175 4015 212 4074 51
237 4006 370 4093 parthia
391 4011 426 4093 (p
450 4028 490 4074 ex
507 4018 603 4088 purte
625 4029 706 4073 eras.
738 4009 876 4092 010010),
919 4013 960 4074 64
982 4006 1129 4078 imbellilll
1153 4010 1222 4092 (sub
1246 4029 1310 4072 rus.

174 4123 213 4204 0),
251 4126 290 4186 65
315 4120 455 4186 ductura
478 4122 512 4205 (a
533 4141 573 4184 00
595 4121 745 4206 00001),
781 4125 821 4184 66
843 4118 1080 4199 dubiuslllsub‚
1103 4121 1213 4206 casus]
1234 4118 1310 4186 duc-

173 4238 226 4316 tus
247 4233 311 4320 (vel
333 4253 428 4298 casus
450 4240 553 4298 adscr.
576 4233 650 4318 0,),
688 4239 727 4298 67
751 4233 882 4317 quidem
902 4233 966 4317 (em
988 4237 1009 4298 i.
1031 4232 1128 4316 000),
1177 4237 1213 4296 71
1239 4253 1310 4298 cae·

174 4347 256 4412 saris
293 4367 366 4410 cum
402 4347 570 4431 (brunones,
607 4349 685 4426 sign.
722 4352 796 4412 odd.
834 4346 909 4431 001),
965 4348 1004 4410 72
1041 4343 1155 4411 rahiae
1191 4347 1226 4430 (0
1259 4351 1311 4410 ult.

175 4459 271 4543 000),
303 4463 342 4523 73
366 4455 549 4522 habitatam
564 4495 607 4504 ·-
623 4456 731 4543 aulam
754 4461 828 4543 (duo
850 4480 882 4523 m
905 4459 988 4542 001),
1027 4463 1066 4535 75
1089 4457 1312 4523 adveneram

173 4571 262 4641 misit
294 4591 402 4652 curas,
447 4575 488 4635 84
512 4570 631 4655 Quam,
684 4575 725 4636 86
747 4571 855 4661 pharii
885 4571 909 4661 (i
932 4592 985 4656 pr.
1015 4591 1055 4639 00
1085 4591 1105 4635 0
1135 4575 1154 4640 i.
1178 4591 1240 4635 scr.
1258 4569 1312 4658 fi),
