3244 5458
366 1662 588 1746 Lectiones
613 1653 776 1745 oolllols
803 1661 1074 1760 llrlangensis
1100 1661 1182 1744 304
1208 1661 1397 1743 collatae

315 1819 413 1882 eum
432 1797 546 1884 llosrr
569 1798 760 1883 editione
786 1799 989 1882 earmlnls
1010 1799 1193 1881 Lucane!
1222 1798 1304 1900 „de
1328 1798 1447 1880 bello

500 1957 502 1964 ·
543 1999 545 2004 .
612 1936 761 2019 eretur6
787 1935 974 2038 (erperae
1000 1935 1118 2035 rsoa)
1128 1936 1153 2019 1>

400 2125 437 2190 In
460 2123 654 2190 conferendo
678 2123 787 2188 codiee
810 2123 1003 2206 Erlangensi
1025 2145 1097 2188 oum
1119 2124 1218 2191 H0s11
1241 2124 1381 2190 editione
1403 2125 1448 2188 le·

315 2237 419 2302 viores
443 2236 680 2321 discrepantias
702 2238 812 2316 omisi3
838 2257 942 2319 neque
966 2236 1118 2300 adnotavi
1140 2238 1264 2302 usitata
1285 2237 1342 2301 illa
1364 2258 1443 2301 oom-

315 2348 449 2432 pendia‚
480 2369 564 2432 quae
595 2369 691 2432 saepe
721 2350 754 2413 in
780 2348 890 2414 codice
913 2348 1109 2414 adhibentur
1131 2355 1164 2414 et
1186 2370 1246 2434 pro
1265 2369 1336 2428 per,
1355 2371 1447 2428 prae,

312 2482 386 2540 pro,
420 2473 474 2540 est,
507 2483 675 2541 esseque,
707 2469 798 2541 qaod,
828 2468 884 2538 nel,
916 2455 955 2538 et,'
978 2461 1146 2541 similibus
1178 2467 1211 2526 et·
1232 2483 1292 2545 pro
1317 2462 1449 2544 singulis

315 2572 463 2658 syllabis,
491 2574 579 2638 velut
600 2595 660 2657 pro
691 2595 745 2655 ae,
769 2595 835 2651 am,
864 2579 936 2650 bas,
963 2596 1048 2651 mar,
1077 2596 1139 2651 orn,
1170 2586 1261 2652 rant,
1294 2586 1360 2651 ter,
1391 2586 1448 2650 tas,

317 2707 377 2764 nm,
402 2707 506 2772 neque
528 2686 663 2752 leviores
686 2685 727 2750 ad
750 2685 1018 2769 orthographiam
1040 2688 1241 2769 pertinentes
1263 2687 1449 2770 discrepan-

315 2799 379 2864 tias
392 2799 428 2883 2),
458 2799 546 2864 velut
568 2799 596 2864 si
613 2779 650 2863 ‘tn
674 2800 830 2882 scripturn
852 2805 925 2863 erat
946 2819 1006 2881 pro
1029 2809 1041 2862 t
1061 2805 1222 2876 (thaneos,
1246 2806 1388 2878 aethna),
1412 2803 1449 2862 eh

315 2933 375 2995 pro
398 2932 416 2977 a
436 2917 626 2991 (archana),
648 2917 695 2990 ph
716 2932 776 2994 pro
793 2932 818 2990 p
840 2915 1043 2991 (bosphoron,
1062 2918 1260 2993 olympicum),
1292 2933 1308 2976 e
1329 2932 1389 2994 pro
1412 2931 1450 2974 ae

316 3031 452 3104 (ether),
475 3045 513 3090 ae
534 3045 628 3109 prae
649 3031 667 3103 (
669 3029 818 3103 lipsiam,
841 3031 948 3102 naec),
969 3048 989 3106 p
1012 3045 1072 3108 pro
1088 3030 1131 3102 i(
1133 3046 1256 3114 cyrnea,
1273 3028 1450 3105 pyratica),

317 3143 328 3201 i
355 3158 415 3221 pro
445 3161 465 3218 p
494 3142 601 3217 (nisa,
632 3141 754 3216 libies),
784 3154 886 3220 epro
917 3158 953 3201 oe
978 3141 1105 3220 (phebi,
1138 3144 1263 3216 letam),
1294 3158 1330 3201 oe
1351 3157 1451 3219 proe

316 3254 479 3330 (ephoebo,
503 3252 742 3328 Phoemonoen),
765 3255 788 3313 n·
808 3269 868 3332 pro
893 3255 922 3314 ci
942 3255 1050 3326 (otior,
1073 3255 1275 3328 commatis),
1299 3255 1328 3314 ci
1346 3269 1406 3332 pro
1429 3253 1453 3312 a·

317 3368 511 3442 (impatiens,
535 3368 668 3440 siciens)
693 3373 704 3425 t
725 3382 785 3444 pro
810 3369 979 3441 Maponi),
1004 3369 1104 3446 apro
1127 3372 1138 3425 t
1159 3369 1291 3442 (capud,
1314 3366 1452 3440 inquid),

318 3495 422 3558 neque
444 3460 509 3540 alia
531 3474 676 3540 eiusdem
700 3475 836 3556 generis
865 3474 953 3538 velut
975 3475 1003 3538 si
1028 3473 1181 3539 exstabat
1202 3479 1363 3554 quiequam
1391 3493 1453 3556 pro

409 3665 434 3734 1)
452 3664 543 3720 Index
561 3664 797 3734 compendiorum,
824 3665 923 3734 quibus
942 3664 971 3716 in
990 3665 1137 3718 collatione
1154 3682 1219 3718 usus
1238 3681 1313 3718 rum:
1334 3662 1399 3718 add.
1419 3688 1455 3706 =

319 3750 431 3804 addidit
448 3751 502 3819 (vel
519 3751 619 3805 addita
634 3751 679 3804 vel
691 3750 811 3818 addito),
830 3749 919 3804 adscr.
940 3775 973 3794 =
991 3749 1142 3818 adscripsit
1159 3751 1214 3818 (vel
1228 3750 1370 3820 adscripta
1388 3752 1454 3817 eet),

319 3837 367 3892 alt.
386 3862 418 3880 ==
438 3837 536 3906 altera,
556 3837 681 3904 alterare·
701 3851 785 3906 comp.
807 3863 840 3880 =
858 3836 1111 3905 compendiarias
1132 3850 1188 3904 cop.
1209 3862 1241 3880 =
1260 3837 1366 3904 copula,
1384 3851 1454 3889 eorr.

319 3947 352 3966 =
367 3923 485 3977 correnit
498 3927 551 3991 eat,
566 3922 617 3976 del.
637 3949 670 3966 =
689 3922 786 3976 delenit
800 3927 854 3991 eet,
873 3938 942 3976 eras.
961 3949 993 3966 ε-
1013 3923 1099 3976 erasit
1116 3925 1169 3990 eet,
1185 3937 1245 3991 sap.
1264 3947 1298 3965 =
1316 3921 1453 3990 enpannit

319 4015 372 4079 eet,
390 4009 410 4077 f.
430 4034 463 4054 =
479 4010 544 4077 fecit
564 4012 624 4077 eet,
649 4010 669 4062 i.
688 4025 775 4078 marp.
793 4035 827 4054 τ-
845 4011 876 4062 in
895 4010 1034 4078 marpine,
1063 4009 1161 4062 incole.
1179 4034 1212 4052 =
1232 4008 1382 4062 inculcavit
1398 4013 1453 4076 eet,

317 4097 337 4150 i.
355 4113 412 4151 ras.
432 4121 465 4140 =
482 4096 635 4163 incasura,
650 4096 669 4149 i.
680 4111 731 4149 scr.
751 4121 785 4140 ==
803 4097 835 4148 in
846 4095 996 4163 scabendo,
1015 4100 1082 4149 mat.
1100 4120 1133 4138 =
1152 4096 1271 4150 enatavit
1286 4099 1339 4164 eet,
1355 4111 1400 4164 pr.
1420 4121 1454 4138 =

315 4183 411 4251 priore
429 4188 483 4252 eet,
507 4182 569 4237 rad.
590 4208 623 4226 =
642 4182 775 4250 radendo,
800 4197 856 4251 rep.
875 4207 908 4225 =
926 4182 1051 4250 repinait
1070 4186 1123 4250 eet,
1141 4181 1237 4251 schotl
1259 4206 1292 4225 =
1311 4181 1415 4236 scholia
1435 4197 1454 4233 a

319 4286 360 4339 ra1
382 4269 534 4338 adscripta,
554 4284 604 4323 scr.
623 4293 657 4312 =
674 4269 787 4337 scripsit
805 4273 859 4336 eet,
878 4283 934 4338 sep.
945 4269 996 4338 sip.
1017 4293 1050 4312 =
1068 4269 1257 4336 separationis
1272 4269 1382 4337 sipnam
1400 4273 1454 4336 eet,

320 4371 357 4409 ss.
377 4382 409 4399 =
429 4357 632 4426 saprasanipsit
643 4361 695 4424 eet,
716 4357 765 4411 nit.
777 4354 919 4408 =uitima
931 4360 985 4422 eet,
1003 4354 1058 4408 oid.
1069 4353 1229 4420 =nidetar,
1250 4355 1288 4407 lll:
1307 4355 1456 4423 hoesigni-

319 4441 392 4511 fieat,
410 4459 493 4496 unam
511 4443 634 4496 litteram
652 4459 758 4497 erasnm
777 4458 845 4496 esse.

408 4532 434 4599 2)
456 4529 508 4582 nisi
520 4529 601 4584 ined.
612 4529 699 4584 Hosrr
715 4533 851 4600 apparatu
863 4527 961 4582 critico
981 4528 1119 4596 scripturn
1138 4527 1308 4597 singulorum
1328 4527 1455 4582 codicum

320 4617 416 4671 addita
434 4621 500 4672 erat.
